%YAML 1.1
%TAG !u! tag:unity3d.com,2011:
--- !u!29 &1
OcclusionCullingSettings:
  m_ObjectHideFlags: 0
  serializedVersion: 2
  m_OcclusionBakeSettings:
    smallestOccluder: 5
    smallestHole: 0.25
    backfaceThreshold: 100
  m_SceneGUID: 00000000000000000000000000000000
  m_OcclusionCullingData: {fileID: 0}
--- !u!104 &2
RenderSettings:
  m_ObjectHideFlags: 0
  serializedVersion: 9
  m_Fog: 0
  m_FogColor: {r: 0.5, g: 0.5, b: 0.5, a: 1}
  m_FogMode: 3
  m_FogDensity: 0.01
  m_LinearFogStart: 0
  m_LinearFogEnd: 300
  m_AmbientSkyColor: {r: 0.212, g: 0.227, b: 0.259, a: 1}
  m_AmbientEquatorColor: {r: 0.114, g: 0.125, b: 0.133, a: 1}
  m_AmbientGroundColor: {r: 0.047, g: 0.043, b: 0.035, a: 1}
  m_AmbientIntensity: 1
  m_AmbientMode: 0
  m_SubtractiveShadowColor: {r: 0.42, g: 0.478, b: 0.627, a: 1}
  m_SkyboxMaterial: {fileID: 10304, guid: 0000000000000000f000000000000000, type: 0}
  m_HaloStrength: 0.5
  m_FlareStrength: 1
  m_FlareFadeSpeed: 3
  m_HaloTexture: {fileID: 0}
  m_SpotCookie: {fileID: 10001, guid: 0000000000000000e000000000000000, type: 0}
  m_DefaultReflectionMode: 0
  m_DefaultReflectionResolution: 128
  m_ReflectionBounces: 1
  m_ReflectionIntensity: 1
  m_CustomReflection: {fileID: 0}
  m_Sun: {fileID: 0}
  m_IndirectSpecularColor: {r: 0.44657874, g: 0.49641258, b: 0.5748172, a: 1}
  m_UseRadianceAmbientProbe: 0
--- !u!157 &3
LightmapSettings:
  m_ObjectHideFlags: 0
  serializedVersion: 12
  m_GIWorkflowMode: 1
  m_GISettings:
    serializedVersion: 2
    m_BounceScale: 1
    m_IndirectOutputScale: 1
    m_AlbedoBoost: 1
    m_EnvironmentLightingMode: 0
    m_EnableBakedLightmaps: 1
    m_EnableRealtimeLightmaps: 0
  m_LightmapEditorSettings:
    serializedVersion: 12
    m_Resolution: 2
    m_BakeResolution: 40
    m_AtlasSize: 1024
    m_AO: 0
    m_AOMaxDistance: 1
    m_CompAOExponent: 1
    m_CompAOExponentDirect: 0
    m_ExtractAmbientOcclusion: 0
    m_Padding: 2
    m_LightmapParameters: {fileID: 0}
    m_LightmapsBakeMode: 1
    m_TextureCompression: 1
    m_FinalGather: 0
    m_FinalGatherFiltering: 1
    m_FinalGatherRayCount: 256
    m_ReflectionCompression: 2
    m_MixedBakeMode: 2
    m_BakeBackend: 1
    m_PVRSampling: 1
    m_PVRDirectSampleCount: 32
    m_PVRSampleCount: 512
    m_PVRBounces: 2
    m_PVREnvironmentSampleCount: 256
    m_PVREnvironmentReferencePointCount: 2048
    m_PVRFilteringMode: 1
    m_PVRDenoiserTypeDirect: 1
    m_PVRDenoiserTypeIndirect: 1
    m_PVRDenoiserTypeAO: 1
    m_PVRFilterTypeDirect: 0
    m_PVRFilterTypeIndirect: 0
    m_PVRFilterTypeAO: 0
    m_PVREnvironmentMIS: 1
    m_PVRCulling: 1
    m_PVRFilteringGaussRadiusDirect: 1
    m_PVRFilteringGaussRadiusIndirect: 5
    m_PVRFilteringGaussRadiusAO: 2
    m_PVRFilteringAtrousPositionSigmaDirect: 0.5
    m_PVRFilteringAtrousPositionSigmaIndirect: 2
    m_PVRFilteringAtrousPositionSigmaAO: 1
    m_ExportTrainingData: 0
    m_TrainingDataDestination: TrainingData
    m_LightProbeSampleCountMultiplier: 4
  m_LightingDataAsset: {fileID: 0}
  m_LightingSettings: {fileID: 0}
--- !u!196 &4
NavMeshSettings:
  serializedVersion: 2
  m_ObjectHideFlags: 0
  m_BuildSettings:
    serializedVersion: 3
    agentTypeID: 0
    agentRadius: 0.5
    agentHeight: 2
    agentSlope: 45
    agentClimb: 0.4
    ledgeDropHeight: 0
    maxJumpAcrossDistance: 0
    minRegionArea: 2
    manualCellSize: 0
    cellSize: 0.16666667
    manualTileSize: 0
    tileSize: 256
    buildHeightMesh: 0
    maxJobWorkers: 0
    preserveTilesOutsideBounds: 0
    debug:
      m_Flags: 0
  m_NavMeshData: {fileID: 0}
--- !u!1001 &3565654
PrefabInstance:
  m_ObjectHideFlags: 0
  serializedVersion: 2
  m_Modification:
    serializedVersion: 3
    m_TransformParent: {fileID: 0}
    m_Modifications:
    - target: {fileID: 2365625890238574762, guid: c755517661ca4114db1101ef077f94aa, type: 3}
      propertyPath: m_LocalPosition.x
      value: 0
      objectReference: {fileID: 0}
    - target: {fileID: 2365625890238574762, guid: c755517661ca4114db1101ef077f94aa, type: 3}
      propertyPath: m_LocalPosition.y
      value: 10.5
      objectReference: {fileID: 0}
    - target: {fileID: 2365625890238574762, guid: c755517661ca4114db1101ef077f94aa, type: 3}
      propertyPath: m_LocalPosition.z
      value: 0
      objectReference: {fileID: 0}
    - target: {fileID: 2365625890238574762, guid: c755517661ca4114db1101ef077f94aa, type: 3}
      propertyPath: m_LocalRotation.w
      value: 0.7071068
      objectReference: {fileID: 0}
    - target: {fileID: 2365625890238574762, guid: c755517661ca4114db1101ef077f94aa, type: 3}
      propertyPath: m_LocalRotation.x
      value: 0
      objectReference: {fileID: 0}
    - target: {fileID: 2365625890238574762, guid: c755517661ca4114db1101ef077f94aa, type: 3}
      propertyPath: m_LocalRotation.y
      value: 0.7071068
      objectReference: {fileID: 0}
    - target: {fileID: 2365625890238574762, guid: c755517661ca4114db1101ef077f94aa, type: 3}
      propertyPath: m_LocalRotation.z
      value: 0
      objectReference: {fileID: 0}
    - target: {fileID: 2365625890238574762, guid: c755517661ca4114db1101ef077f94aa, type: 3}
      propertyPath: m_LocalEulerAnglesHint.x
      value: 0
      objectReference: {fileID: 0}
    - target: {fileID: 2365625890238574762, guid: c755517661ca4114db1101ef077f94aa, type: 3}
      propertyPath: m_LocalEulerAnglesHint.y
      value: 90
      objectReference: {fileID: 0}
    - target: {fileID: 2365625890238574762, guid: c755517661ca4114db1101ef077f94aa, type: 3}
      propertyPath: m_LocalEulerAnglesHint.z
      value: 0
      objectReference: {fileID: 0}
    - target: {fileID: 5901952879861392624, guid: c755517661ca4114db1101ef077f94aa, type: 3}
      propertyPath: m_Name
      value: floor (7)
      objectReference: {fileID: 0}
    m_RemovedComponents: []
    m_RemovedGameObjects: []
    m_AddedGameObjects: []
    m_AddedComponents: []
  m_SourcePrefab: {fileID: 100100000, guid: c755517661ca4114db1101ef077f94aa, type: 3}
--- !u!1001 &28945763
PrefabInstance:
  m_ObjectHideFlags: 0
  serializedVersion: 2
  m_Modification:
    serializedVersion: 3
    m_TransformParent: {fileID: 0}
    m_Modifications:
    - target: {fileID: 2365625890238574762, guid: c755517661ca4114db1101ef077f94aa, type: 3}
      propertyPath: m_LocalPosition.x
      value: 0
      objectReference: {fileID: 0}
    - target: {fileID: 2365625890238574762, guid: c755517661ca4114db1101ef077f94aa, type: 3}
      propertyPath: m_LocalPosition.y
      value: 6.0000005
      objectReference: {fileID: 0}
    - target: {fileID: 2365625890238574762, guid: c755517661ca4114db1101ef077f94aa, type: 3}
      propertyPath: m_LocalPosition.z
      value: 0
      objectReference: {fileID: 0}
    - target: {fileID: 2365625890238574762, guid: c755517661ca4114db1101ef077f94aa, type: 3}
      propertyPath: m_LocalRotation.w
      value: 1
      objectReference: {fileID: 0}
    - target: {fileID: 2365625890238574762, guid: c755517661ca4114db1101ef077f94aa, type: 3}
      propertyPath: m_LocalRotation.x
      value: 0
      objectReference: {fileID: 0}
    - target: {fileID: 2365625890238574762, guid: c755517661ca4114db1101ef077f94aa, type: 3}
      propertyPath: m_LocalRotation.y
      value: 0
      objectReference: {fileID: 0}
    - target: {fileID: 2365625890238574762, guid: c755517661ca4114db1101ef077f94aa, type: 3}
      propertyPath: m_LocalRotation.z
      value: 0
      objectReference: {fileID: 0}
    - target: {fileID: 2365625890238574762, guid: c755517661ca4114db1101ef077f94aa, type: 3}
      propertyPath: m_LocalEulerAnglesHint.x
      value: 0
      objectReference: {fileID: 0}
    - target: {fileID: 2365625890238574762, guid: c755517661ca4114db1101ef077f94aa, type: 3}
      propertyPath: m_LocalEulerAnglesHint.y
      value: 0
      objectReference: {fileID: 0}
    - target: {fileID: 2365625890238574762, guid: c755517661ca4114db1101ef077f94aa, type: 3}
      propertyPath: m_LocalEulerAnglesHint.z
      value: 0
      objectReference: {fileID: 0}
    - target: {fileID: 5901952879861392624, guid: c755517661ca4114db1101ef077f94aa, type: 3}
      propertyPath: m_Name
      value: floor (4)
      objectReference: {fileID: 0}
    m_RemovedComponents: []
    m_RemovedGameObjects: []
    m_AddedGameObjects: []
    m_AddedComponents: []
  m_SourcePrefab: {fileID: 100100000, guid: c755517661ca4114db1101ef077f94aa, type: 3}
--- !u!1001 &76761088
PrefabInstance:
  m_ObjectHideFlags: 0
  serializedVersion: 2
  m_Modification:
    serializedVersion: 3
    m_TransformParent: {fileID: 0}
    m_Modifications:
    - target: {fileID: 2365625890238574762, guid: c755517661ca4114db1101ef077f94aa, type: 3}
      propertyPath: m_LocalPosition.x
      value: 0
      objectReference: {fileID: 0}
    - target: {fileID: 2365625890238574762, guid: c755517661ca4114db1101ef077f94aa, type: 3}
      propertyPath: m_LocalPosition.y
      value: 19.5
      objectReference: {fileID: 0}
    - target: {fileID: 2365625890238574762, guid: c755517661ca4114db1101ef077f94aa, type: 3}
      propertyPath: m_LocalPosition.z
      value: 0
      objectReference: {fileID: 0}
    - target: {fileID: 2365625890238574762, guid: c755517661ca4114db1101ef077f94aa, type: 3}
      propertyPath: m_LocalRotation.w
      value: 0.7071068
      objectReference: {fileID: 0}
    - target: {fileID: 2365625890238574762, guid: c755517661ca4114db1101ef077f94aa, type: 3}
      propertyPath: m_LocalRotation.x
      value: 0
      objectReference: {fileID: 0}
    - target: {fileID: 2365625890238574762, guid: c755517661ca4114db1101ef077f94aa, type: 3}
      propertyPath: m_LocalRotation.y
      value: 0.7071068
      objectReference: {fileID: 0}
    - target: {fileID: 2365625890238574762, guid: c755517661ca4114db1101ef077f94aa, type: 3}
      propertyPath: m_LocalRotation.z
      value: 0
      objectReference: {fileID: 0}
    - target: {fileID: 2365625890238574762, guid: c755517661ca4114db1101ef077f94aa, type: 3}
      propertyPath: m_LocalEulerAnglesHint.x
      value: 0
      objectReference: {fileID: 0}
    - target: {fileID: 2365625890238574762, guid: c755517661ca4114db1101ef077f94aa, type: 3}
      propertyPath: m_LocalEulerAnglesHint.y
      value: 90
      objectReference: {fileID: 0}
    - target: {fileID: 2365625890238574762, guid: c755517661ca4114db1101ef077f94aa, type: 3}
      propertyPath: m_LocalEulerAnglesHint.z
      value: 0
      objectReference: {fileID: 0}
    - target: {fileID: 5901952879861392624, guid: c755517661ca4114db1101ef077f94aa, type: 3}
      propertyPath: m_Name
      value: floor (13)
      objectReference: {fileID: 0}
    m_RemovedComponents: []
    m_RemovedGameObjects: []
    m_AddedGameObjects: []
    m_AddedComponents: []
  m_SourcePrefab: {fileID: 100100000, guid: c755517661ca4114db1101ef077f94aa, type: 3}
--- !u!1001 &208743259
PrefabInstance:
  m_ObjectHideFlags: 0
  serializedVersion: 2
  m_Modification:
    serializedVersion: 3
    m_TransformParent: {fileID: 0}
    m_Modifications:
    - target: {fileID: 2365625890238574762, guid: c755517661ca4114db1101ef077f94aa, type: 3}
      propertyPath: m_LocalPosition.x
      value: 0
      objectReference: {fileID: 0}
    - target: {fileID: 2365625890238574762, guid: c755517661ca4114db1101ef077f94aa, type: 3}
      propertyPath: m_LocalPosition.y
      value: 21
      objectReference: {fileID: 0}
    - target: {fileID: 2365625890238574762, guid: c755517661ca4114db1101ef077f94aa, type: 3}
      propertyPath: m_LocalPosition.z
      value: 0
      objectReference: {fileID: 0}
    - target: {fileID: 2365625890238574762, guid: c755517661ca4114db1101ef077f94aa, type: 3}
      propertyPath: m_LocalRotation.w
      value: 1
      objectReference: {fileID: 0}
    - target: {fileID: 2365625890238574762, guid: c755517661ca4114db1101ef077f94aa, type: 3}
      propertyPath: m_LocalRotation.x
      value: 0
      objectReference: {fileID: 0}
    - target: {fileID: 2365625890238574762, guid: c755517661ca4114db1101ef077f94aa, type: 3}
      propertyPath: m_LocalRotation.y
      value: 0
      objectReference: {fileID: 0}
    - target: {fileID: 2365625890238574762, guid: c755517661ca4114db1101ef077f94aa, type: 3}
      propertyPath: m_LocalRotation.z
      value: 0
      objectReference: {fileID: 0}
    - target: {fileID: 2365625890238574762, guid: c755517661ca4114db1101ef077f94aa, type: 3}
      propertyPath: m_LocalEulerAnglesHint.x
      value: 0
      objectReference: {fileID: 0}
    - target: {fileID: 2365625890238574762, guid: c755517661ca4114db1101ef077f94aa, type: 3}
      propertyPath: m_LocalEulerAnglesHint.y
      value: 0
      objectReference: {fileID: 0}
    - target: {fileID: 2365625890238574762, guid: c755517661ca4114db1101ef077f94aa, type: 3}
      propertyPath: m_LocalEulerAnglesHint.z
      value: 0
      objectReference: {fileID: 0}
    - target: {fileID: 5901952879861392624, guid: c755517661ca4114db1101ef077f94aa, type: 3}
      propertyPath: m_Name
      value: floor (14)
      objectReference: {fileID: 0}
    m_RemovedComponents: []
    m_RemovedGameObjects: []
    m_AddedGameObjects: []
    m_AddedComponents: []
  m_SourcePrefab: {fileID: 100100000, guid: c755517661ca4114db1101ef077f94aa, type: 3}
--- !u!1001 &260303408
PrefabInstance:
  m_ObjectHideFlags: 0
  serializedVersion: 2
  m_Modification:
    serializedVersion: 3
    m_TransformParent: {fileID: 0}
    m_Modifications:
    - target: {fileID: 2365625890238574762, guid: c755517661ca4114db1101ef077f94aa, type: 3}
      propertyPath: m_LocalPosition.x
      value: 0
      objectReference: {fileID: 0}
    - target: {fileID: 2365625890238574762, guid: c755517661ca4114db1101ef077f94aa, type: 3}
      propertyPath: m_LocalPosition.y
      value: 13.5
      objectReference: {fileID: 0}
    - target: {fileID: 2365625890238574762, guid: c755517661ca4114db1101ef077f94aa, type: 3}
      propertyPath: m_LocalPosition.z
      value: 0
      objectReference: {fileID: 0}
    - target: {fileID: 2365625890238574762, guid: c755517661ca4114db1101ef077f94aa, type: 3}
      propertyPath: m_LocalRotation.w
      value: 0.7071068
      objectReference: {fileID: 0}
    - target: {fileID: 2365625890238574762, guid: c755517661ca4114db1101ef077f94aa, type: 3}
      propertyPath: m_LocalRotation.x
      value: 0
      objectReference: {fileID: 0}
    - target: {fileID: 2365625890238574762, guid: c755517661ca4114db1101ef077f94aa, type: 3}
      propertyPath: m_LocalRotation.y
      value: 0.7071068
      objectReference: {fileID: 0}
    - target: {fileID: 2365625890238574762, guid: c755517661ca4114db1101ef077f94aa, type: 3}
      propertyPath: m_LocalRotation.z
      value: 0
      objectReference: {fileID: 0}
    - target: {fileID: 2365625890238574762, guid: c755517661ca4114db1101ef077f94aa, type: 3}
      propertyPath: m_LocalEulerAnglesHint.x
      value: 0
      objectReference: {fileID: 0}
    - target: {fileID: 2365625890238574762, guid: c755517661ca4114db1101ef077f94aa, type: 3}
      propertyPath: m_LocalEulerAnglesHint.y
      value: 90
      objectReference: {fileID: 0}
    - target: {fileID: 2365625890238574762, guid: c755517661ca4114db1101ef077f94aa, type: 3}
      propertyPath: m_LocalEulerAnglesHint.z
      value: 0
      objectReference: {fileID: 0}
    - target: {fileID: 5901952879861392624, guid: c755517661ca4114db1101ef077f94aa, type: 3}
      propertyPath: m_Name
      value: floor (9)
      objectReference: {fileID: 0}
    m_RemovedComponents: []
    m_RemovedGameObjects: []
    m_AddedGameObjects: []
    m_AddedComponents: []
  m_SourcePrefab: {fileID: 100100000, guid: c755517661ca4114db1101ef077f94aa, type: 3}
--- !u!1001 &294408339
PrefabInstance:
  m_ObjectHideFlags: 0
  serializedVersion: 2
  m_Modification:
    serializedVersion: 3
    m_TransformParent: {fileID: 0}
    m_Modifications:
    - target: {fileID: 2365625890238574762, guid: c755517661ca4114db1101ef077f94aa, type: 3}
      propertyPath: m_LocalPosition.x
      value: 0
      objectReference: {fileID: 0}
    - target: {fileID: 2365625890238574762, guid: c755517661ca4114db1101ef077f94aa, type: 3}
      propertyPath: m_LocalPosition.y
      value: 12
      objectReference: {fileID: 0}
    - target: {fileID: 2365625890238574762, guid: c755517661ca4114db1101ef077f94aa, type: 3}
      propertyPath: m_LocalPosition.z
      value: 0
      objectReference: {fileID: 0}
    - target: {fileID: 2365625890238574762, guid: c755517661ca4114db1101ef077f94aa, type: 3}
      propertyPath: m_LocalRotation.w
      value: 1
      objectReference: {fileID: 0}
    - target: {fileID: 2365625890238574762, guid: c755517661ca4114db1101ef077f94aa, type: 3}
      propertyPath: m_LocalRotation.x
      value: 0
      objectReference: {fileID: 0}
    - target: {fileID: 2365625890238574762, guid: c755517661ca4114db1101ef077f94aa, type: 3}
      propertyPath: m_LocalRotation.y
      value: 0
      objectReference: {fileID: 0}
    - target: {fileID: 2365625890238574762, guid: c755517661ca4114db1101ef077f94aa, type: 3}
      propertyPath: m_LocalRotation.z
      value: 0
      objectReference: {fileID: 0}
    - target: {fileID: 2365625890238574762, guid: c755517661ca4114db1101ef077f94aa, type: 3}
      propertyPath: m_LocalEulerAnglesHint.x
      value: 0
      objectReference: {fileID: 0}
    - target: {fileID: 2365625890238574762, guid: c755517661ca4114db1101ef077f94aa, type: 3}
      propertyPath: m_LocalEulerAnglesHint.y
      value: 0
      objectReference: {fileID: 0}
    - target: {fileID: 2365625890238574762, guid: c755517661ca4114db1101ef077f94aa, type: 3}
      propertyPath: m_LocalEulerAnglesHint.z
      value: 0
      objectReference: {fileID: 0}
    - target: {fileID: 5901952879861392624, guid: c755517661ca4114db1101ef077f94aa, type: 3}
      propertyPath: m_Name
      value: floor (8)
      objectReference: {fileID: 0}
    m_RemovedComponents: []
    m_RemovedGameObjects: []
    m_AddedGameObjects: []
    m_AddedComponents: []
  m_SourcePrefab: {fileID: 100100000, guid: c755517661ca4114db1101ef077f94aa, type: 3}
--- !u!1001 &298738497
PrefabInstance:
  m_ObjectHideFlags: 0
  serializedVersion: 2
  m_Modification:
    serializedVersion: 3
    m_TransformParent: {fileID: 0}
    m_Modifications:
    - target: {fileID: 2365625890238574762, guid: c755517661ca4114db1101ef077f94aa, type: 3}
      propertyPath: m_LocalPosition.x
      value: 0
      objectReference: {fileID: 0}
    - target: {fileID: 2365625890238574762, guid: c755517661ca4114db1101ef077f94aa, type: 3}
      propertyPath: m_LocalPosition.y
      value: 15
      objectReference: {fileID: 0}
    - target: {fileID: 2365625890238574762, guid: c755517661ca4114db1101ef077f94aa, type: 3}
      propertyPath: m_LocalPosition.z
      value: 0
      objectReference: {fileID: 0}
    - target: {fileID: 2365625890238574762, guid: c755517661ca4114db1101ef077f94aa, type: 3}
      propertyPath: m_LocalRotation.w
      value: 1
      objectReference: {fileID: 0}
    - target: {fileID: 2365625890238574762, guid: c755517661ca4114db1101ef077f94aa, type: 3}
      propertyPath: m_LocalRotation.x
      value: 0
      objectReference: {fileID: 0}
    - target: {fileID: 2365625890238574762, guid: c755517661ca4114db1101ef077f94aa, type: 3}
      propertyPath: m_LocalRotation.y
      value: 0
      objectReference: {fileID: 0}
    - target: {fileID: 2365625890238574762, guid: c755517661ca4114db1101ef077f94aa, type: 3}
      propertyPath: m_LocalRotation.z
      value: 0
      objectReference: {fileID: 0}
    - target: {fileID: 2365625890238574762, guid: c755517661ca4114db1101ef077f94aa, type: 3}
      propertyPath: m_LocalEulerAnglesHint.x
      value: 0
      objectReference: {fileID: 0}
    - target: {fileID: 2365625890238574762, guid: c755517661ca4114db1101ef077f94aa, type: 3}
      propertyPath: m_LocalEulerAnglesHint.y
      value: 0
      objectReference: {fileID: 0}
    - target: {fileID: 2365625890238574762, guid: c755517661ca4114db1101ef077f94aa, type: 3}
      propertyPath: m_LocalEulerAnglesHint.z
      value: 0
      objectReference: {fileID: 0}
    - target: {fileID: 5901952879861392624, guid: c755517661ca4114db1101ef077f94aa, type: 3}
      propertyPath: m_Name
      value: floor (10)
      objectReference: {fileID: 0}
    m_RemovedComponents: []
    m_RemovedGameObjects: []
    m_AddedGameObjects: []
    m_AddedComponents: []
  m_SourcePrefab: {fileID: 100100000, guid: c755517661ca4114db1101ef077f94aa, type: 3}
--- !u!1001 &341883237
PrefabInstance:
  m_ObjectHideFlags: 0
  serializedVersion: 2
  m_Modification:
    serializedVersion: 3
    m_TransformParent: {fileID: 0}
    m_Modifications:
    - target: {fileID: 2365625890238574762, guid: c755517661ca4114db1101ef077f94aa, type: 3}
      propertyPath: m_LocalPosition.x
      value: 0
      objectReference: {fileID: 0}
    - target: {fileID: 2365625890238574762, guid: c755517661ca4114db1101ef077f94aa, type: 3}
      propertyPath: m_LocalPosition.y
      value: 16.5
      objectReference: {fileID: 0}
    - target: {fileID: 2365625890238574762, guid: c755517661ca4114db1101ef077f94aa, type: 3}
      propertyPath: m_LocalPosition.z
      value: 0
      objectReference: {fileID: 0}
    - target: {fileID: 2365625890238574762, guid: c755517661ca4114db1101ef077f94aa, type: 3}
      propertyPath: m_LocalRotation.w
      value: 0.7071068
      objectReference: {fileID: 0}
    - target: {fileID: 2365625890238574762, guid: c755517661ca4114db1101ef077f94aa, type: 3}
      propertyPath: m_LocalRotation.x
      value: 0
      objectReference: {fileID: 0}
    - target: {fileID: 2365625890238574762, guid: c755517661ca4114db1101ef077f94aa, type: 3}
      propertyPath: m_LocalRotation.y
      value: 0.7071068
      objectReference: {fileID: 0}
    - target: {fileID: 2365625890238574762, guid: c755517661ca4114db1101ef077f94aa, type: 3}
      propertyPath: m_LocalRotation.z
      value: 0
      objectReference: {fileID: 0}
    - target: {fileID: 2365625890238574762, guid: c755517661ca4114db1101ef077f94aa, type: 3}
      propertyPath: m_LocalEulerAnglesHint.x
      value: 0
      objectReference: {fileID: 0}
    - target: {fileID: 2365625890238574762, guid: c755517661ca4114db1101ef077f94aa, type: 3}
      propertyPath: m_LocalEulerAnglesHint.y
      value: 90
      objectReference: {fileID: 0}
    - target: {fileID: 2365625890238574762, guid: c755517661ca4114db1101ef077f94aa, type: 3}
      propertyPath: m_LocalEulerAnglesHint.z
      value: 0
      objectReference: {fileID: 0}
    - target: {fileID: 5901952879861392624, guid: c755517661ca4114db1101ef077f94aa, type: 3}
      propertyPath: m_Name
      value: floor (11)
      objectReference: {fileID: 0}
    m_RemovedComponents: []
    m_RemovedGameObjects: []
    m_AddedGameObjects: []
    m_AddedComponents: []
  m_SourcePrefab: {fileID: 100100000, guid: c755517661ca4114db1101ef077f94aa, type: 3}
--- !u!1001 &705849789
PrefabInstance:
  m_ObjectHideFlags: 0
  serializedVersion: 2
  m_Modification:
    serializedVersion: 3
    m_TransformParent: {fileID: 0}
    m_Modifications:
    - target: {fileID: 2365625890238574762, guid: c755517661ca4114db1101ef077f94aa, type: 3}
      propertyPath: m_LocalPosition.x
      value: 0
      objectReference: {fileID: 0}
    - target: {fileID: 2365625890238574762, guid: c755517661ca4114db1101ef077f94aa, type: 3}
      propertyPath: m_LocalPosition.y
      value: 22.5
      objectReference: {fileID: 0}
    - target: {fileID: 2365625890238574762, guid: c755517661ca4114db1101ef077f94aa, type: 3}
      propertyPath: m_LocalPosition.z
      value: 0
      objectReference: {fileID: 0}
    - target: {fileID: 2365625890238574762, guid: c755517661ca4114db1101ef077f94aa, type: 3}
      propertyPath: m_LocalRotation.w
      value: 0.7071068
      objectReference: {fileID: 0}
    - target: {fileID: 2365625890238574762, guid: c755517661ca4114db1101ef077f94aa, type: 3}
      propertyPath: m_LocalRotation.x
      value: 0
      objectReference: {fileID: 0}
    - target: {fileID: 2365625890238574762, guid: c755517661ca4114db1101ef077f94aa, type: 3}
      propertyPath: m_LocalRotation.y
      value: 0.7071068
      objectReference: {fileID: 0}
    - target: {fileID: 2365625890238574762, guid: c755517661ca4114db1101ef077f94aa, type: 3}
      propertyPath: m_LocalRotation.z
      value: 0
      objectReference: {fileID: 0}
    - target: {fileID: 2365625890238574762, guid: c755517661ca4114db1101ef077f94aa, type: 3}
      propertyPath: m_LocalEulerAnglesHint.x
      value: 0
      objectReference: {fileID: 0}
    - target: {fileID: 2365625890238574762, guid: c755517661ca4114db1101ef077f94aa, type: 3}
      propertyPath: m_LocalEulerAnglesHint.y
      value: 90
      objectReference: {fileID: 0}
    - target: {fileID: 2365625890238574762, guid: c755517661ca4114db1101ef077f94aa, type: 3}
      propertyPath: m_LocalEulerAnglesHint.z
      value: 0
      objectReference: {fileID: 0}
    - target: {fileID: 5901952879861392624, guid: c755517661ca4114db1101ef077f94aa, type: 3}
      propertyPath: m_Name
      value: floor (15)
      objectReference: {fileID: 0}
    m_RemovedComponents: []
    m_RemovedGameObjects: []
    m_AddedGameObjects: []
    m_AddedComponents: []
  m_SourcePrefab: {fileID: 100100000, guid: c755517661ca4114db1101ef077f94aa, type: 3}
--- !u!1001 &755393273
PrefabInstance:
  m_ObjectHideFlags: 0
  serializedVersion: 2
  m_Modification:
    serializedVersion: 3
    m_TransformParent: {fileID: 0}
    m_Modifications:
    - target: {fileID: 2365625890238574762, guid: c755517661ca4114db1101ef077f94aa, type: 3}
      propertyPath: m_LocalPosition.x
      value: 0
      objectReference: {fileID: 0}
    - target: {fileID: 2365625890238574762, guid: c755517661ca4114db1101ef077f94aa, type: 3}
      propertyPath: m_LocalPosition.y
      value: 18
      objectReference: {fileID: 0}
    - target: {fileID: 2365625890238574762, guid: c755517661ca4114db1101ef077f94aa, type: 3}
      propertyPath: m_LocalPosition.z
      value: 0
      objectReference: {fileID: 0}
    - target: {fileID: 2365625890238574762, guid: c755517661ca4114db1101ef077f94aa, type: 3}
      propertyPath: m_LocalRotation.w
      value: 1
      objectReference: {fileID: 0}
    - target: {fileID: 2365625890238574762, guid: c755517661ca4114db1101ef077f94aa, type: 3}
      propertyPath: m_LocalRotation.x
      value: 0
      objectReference: {fileID: 0}
    - target: {fileID: 2365625890238574762, guid: c755517661ca4114db1101ef077f94aa, type: 3}
      propertyPath: m_LocalRotation.y
      value: 0
      objectReference: {fileID: 0}
    - target: {fileID: 2365625890238574762, guid: c755517661ca4114db1101ef077f94aa, type: 3}
      propertyPath: m_LocalRotation.z
      value: 0
      objectReference: {fileID: 0}
    - target: {fileID: 2365625890238574762, guid: c755517661ca4114db1101ef077f94aa, type: 3}
      propertyPath: m_LocalEulerAnglesHint.x
      value: 0
      objectReference: {fileID: 0}
    - target: {fileID: 2365625890238574762, guid: c755517661ca4114db1101ef077f94aa, type: 3}
      propertyPath: m_LocalEulerAnglesHint.y
      value: 0
      objectReference: {fileID: 0}
    - target: {fileID: 2365625890238574762, guid: c755517661ca4114db1101ef077f94aa, type: 3}
      propertyPath: m_LocalEulerAnglesHint.z
      value: 0
      objectReference: {fileID: 0}
    - target: {fileID: 5901952879861392624, guid: c755517661ca4114db1101ef077f94aa, type: 3}
      propertyPath: m_Name
      value: floor (12)
      objectReference: {fileID: 0}
    m_RemovedComponents: []
    m_RemovedGameObjects: []
    m_AddedGameObjects: []
    m_AddedComponents: []
  m_SourcePrefab: {fileID: 100100000, guid: c755517661ca4114db1101ef077f94aa, type: 3}
--- !u!1001 &847122906
PrefabInstance:
  m_ObjectHideFlags: 0
  serializedVersion: 2
  m_Modification:
    serializedVersion: 3
    m_TransformParent: {fileID: 0}
    m_Modifications:
    - target: {fileID: 2365625890238574762, guid: c755517661ca4114db1101ef077f94aa, type: 3}
      propertyPath: m_LocalPosition.x
      value: 0
      objectReference: {fileID: 0}
    - target: {fileID: 2365625890238574762, guid: c755517661ca4114db1101ef077f94aa, type: 3}
      propertyPath: m_LocalPosition.y
      value: 4.5
      objectReference: {fileID: 0}
    - target: {fileID: 2365625890238574762, guid: c755517661ca4114db1101ef077f94aa, type: 3}
      propertyPath: m_LocalPosition.z
      value: 0
      objectReference: {fileID: 0}
    - target: {fileID: 2365625890238574762, guid: c755517661ca4114db1101ef077f94aa, type: 3}
      propertyPath: m_LocalRotation.w
      value: 0.7071068
      objectReference: {fileID: 0}
    - target: {fileID: 2365625890238574762, guid: c755517661ca4114db1101ef077f94aa, type: 3}
      propertyPath: m_LocalRotation.x
      value: 0
      objectReference: {fileID: 0}
    - target: {fileID: 2365625890238574762, guid: c755517661ca4114db1101ef077f94aa, type: 3}
      propertyPath: m_LocalRotation.y
      value: 0.7071068
      objectReference: {fileID: 0}
    - target: {fileID: 2365625890238574762, guid: c755517661ca4114db1101ef077f94aa, type: 3}
      propertyPath: m_LocalRotation.z
      value: 0
      objectReference: {fileID: 0}
    - target: {fileID: 2365625890238574762, guid: c755517661ca4114db1101ef077f94aa, type: 3}
      propertyPath: m_LocalEulerAnglesHint.x
      value: 0
      objectReference: {fileID: 0}
    - target: {fileID: 2365625890238574762, guid: c755517661ca4114db1101ef077f94aa, type: 3}
      propertyPath: m_LocalEulerAnglesHint.y
      value: 90
      objectReference: {fileID: 0}
    - target: {fileID: 2365625890238574762, guid: c755517661ca4114db1101ef077f94aa, type: 3}
      propertyPath: m_LocalEulerAnglesHint.z
      value: 0
      objectReference: {fileID: 0}
    - target: {fileID: 5901952879861392624, guid: c755517661ca4114db1101ef077f94aa, type: 3}
      propertyPath: m_Name
      value: floor (3)
      objectReference: {fileID: 0}
    m_RemovedComponents: []
    m_RemovedGameObjects: []
    m_AddedGameObjects: []
    m_AddedComponents: []
  m_SourcePrefab: {fileID: 100100000, guid: c755517661ca4114db1101ef077f94aa, type: 3}
--- !u!1001 &932813631
PrefabInstance:
  m_ObjectHideFlags: 0
  serializedVersion: 2
  m_Modification:
    serializedVersion: 3
    m_TransformParent: {fileID: 0}
    m_Modifications:
    - target: {fileID: 2365625890238574762, guid: c755517661ca4114db1101ef077f94aa, type: 3}
      propertyPath: m_LocalPosition.x
      value: 0
      objectReference: {fileID: 0}
    - target: {fileID: 2365625890238574762, guid: c755517661ca4114db1101ef077f94aa, type: 3}
      propertyPath: m_LocalPosition.y
      value: 1.5
      objectReference: {fileID: 0}
    - target: {fileID: 2365625890238574762, guid: c755517661ca4114db1101ef077f94aa, type: 3}
      propertyPath: m_LocalPosition.z
      value: 0
      objectReference: {fileID: 0}
    - target: {fileID: 2365625890238574762, guid: c755517661ca4114db1101ef077f94aa, type: 3}
      propertyPath: m_LocalRotation.w
      value: 0.7071068
      objectReference: {fileID: 0}
    - target: {fileID: 2365625890238574762, guid: c755517661ca4114db1101ef077f94aa, type: 3}
      propertyPath: m_LocalRotation.x
      value: 0
      objectReference: {fileID: 0}
    - target: {fileID: 2365625890238574762, guid: c755517661ca4114db1101ef077f94aa, type: 3}
      propertyPath: m_LocalRotation.y
      value: 0.7071068
      objectReference: {fileID: 0}
    - target: {fileID: 2365625890238574762, guid: c755517661ca4114db1101ef077f94aa, type: 3}
      propertyPath: m_LocalRotation.z
      value: 0
      objectReference: {fileID: 0}
    - target: {fileID: 2365625890238574762, guid: c755517661ca4114db1101ef077f94aa, type: 3}
      propertyPath: m_LocalEulerAnglesHint.x
      value: 0
      objectReference: {fileID: 0}
    - target: {fileID: 2365625890238574762, guid: c755517661ca4114db1101ef077f94aa, type: 3}
      propertyPath: m_LocalEulerAnglesHint.y
      value: 90
      objectReference: {fileID: 0}
    - target: {fileID: 2365625890238574762, guid: c755517661ca4114db1101ef077f94aa, type: 3}
      propertyPath: m_LocalEulerAnglesHint.z
      value: 0
      objectReference: {fileID: 0}
    - target: {fileID: 5901952879861392624, guid: c755517661ca4114db1101ef077f94aa, type: 3}
      propertyPath: m_Name
      value: floor (1)
      objectReference: {fileID: 0}
    m_RemovedComponents: []
    m_RemovedGameObjects: []
    m_AddedGameObjects: []
    m_AddedComponents: []
  m_SourcePrefab: {fileID: 100100000, guid: c755517661ca4114db1101ef077f94aa, type: 3}
--- !u!1 &1061443560
GameObject:
  m_ObjectHideFlags: 0
  m_CorrespondingSourceObject: {fileID: 0}
  m_PrefabInstance: {fileID: 0}
  m_PrefabAsset: {fileID: 0}
  serializedVersion: 6
  m_Component:
  - component: {fileID: 1061443562}
  - component: {fileID: 1061443561}
  m_Layer: 0
  m_Name: Directional Light
  m_TagString: Untagged
  m_Icon: {fileID: 0}
  m_NavMeshLayer: 0
  m_StaticEditorFlags: 0
  m_IsActive: 1
--- !u!108 &1061443561
Light:
  m_ObjectHideFlags: 0
  m_CorrespondingSourceObject: {fileID: 0}
  m_PrefabInstance: {fileID: 0}
  m_PrefabAsset: {fileID: 0}
  m_GameObject: {fileID: 1061443560}
  m_Enabled: 1
  serializedVersion: 10
  m_Type: 1
  m_Shape: 0
  m_Color: {r: 1, g: 0.95686275, b: 0.8392157, a: 1}
  m_Intensity: 0.5
  m_Range: 10
  m_SpotAngle: 30
  m_InnerSpotAngle: 21.80208
  m_CookieSize: 10
  m_Shadows:
    m_Type: 2
    m_Resolution: -1
    m_CustomResolution: -1
    m_Strength: 1
    m_Bias: 0.05
    m_NormalBias: 0.4
    m_NearPlane: 0.2
    m_CullingMatrixOverride:
      e00: 1
      e01: 0
      e02: 0
      e03: 0
      e10: 0
      e11: 1
      e12: 0
      e13: 0
      e20: 0
      e21: 0
      e22: 1
      e23: 0
      e30: 0
      e31: 0
      e32: 0
      e33: 1
    m_UseCullingMatrixOverride: 0
  m_Cookie: {fileID: 0}
  m_DrawHalo: 0
  m_Flare: {fileID: 0}
  m_RenderMode: 0
  m_CullingMask:
    serializedVersion: 2
    m_Bits: 4294967295
  m_RenderingLayerMask: 1
  m_Lightmapping: 4
  m_LightShadowCasterMode: 0
  m_AreaSize: {x: 1, y: 1}
  m_BounceIntensity: 1
  m_ColorTemperature: 6570
  m_UseColorTemperature: 0
  m_BoundingSphereOverride: {x: 0, y: 0, z: 0, w: 0}
  m_UseBoundingSphereOverride: 0
  m_UseViewFrustumForShadowCasterCull: 1
  m_ShadowRadius: 0
  m_ShadowAngle: 0
--- !u!4 &1061443562
Transform:
  m_ObjectHideFlags: 0
  m_CorrespondingSourceObject: {fileID: 0}
  m_PrefabInstance: {fileID: 0}
  m_PrefabAsset: {fileID: 0}
  m_GameObject: {fileID: 1061443560}
  serializedVersion: 2
  m_LocalRotation: {x: 0.40821788, y: -0.23456968, z: 0.10938163, w: 0.8754261}
  m_LocalPosition: {x: 0, y: 3, z: 0}
  m_LocalScale: {x: 1, y: 1, z: 1}
  m_ConstrainProportionsScale: 0
  m_Children: []
  m_Father: {fileID: 0}
  m_LocalEulerAnglesHint: {x: 50, y: -30, z: 0}
--- !u!1 &1157860256 stripped
GameObject:
  m_CorrespondingSourceObject: {fileID: 4645142704498827223, guid: c755517661ca4114db1101ef077f94aa, type: 3}
  m_PrefabInstance: {fileID: 4420573723029503146}
  m_PrefabAsset: {fileID: 0}
--- !u!54 &1157860261
Rigidbody:
  m_ObjectHideFlags: 0
  m_CorrespondingSourceObject: {fileID: 0}
  m_PrefabInstance: {fileID: 0}
  m_PrefabAsset: {fileID: 0}
  m_GameObject: {fileID: 1157860256}
  serializedVersion: 4
  m_Mass: 1000
  m_Drag: 0.02
  m_AngularDrag: 0.05
  m_CenterOfMass: {x: 0, y: 0, z: 0}
  m_InertiaTensor: {x: 1, y: 1, z: 1}
  m_InertiaRotation: {x: 0, y: 0, z: 0, w: 1}
  m_IncludeLayers:
    serializedVersion: 2
    m_Bits: 0
  m_ExcludeLayers:
    serializedVersion: 2
    m_Bits: 0
  m_ImplicitCom: 1
  m_ImplicitTensor: 1
  m_UseGravity: 1
  m_IsKinematic: 0
  m_Interpolate: 1
  m_Constraints: 0
  m_CollisionDetection: 1
--- !u!1001 &1273520221
PrefabInstance:
  m_ObjectHideFlags: 0
  serializedVersion: 2
  m_Modification:
    serializedVersion: 3
    m_TransformParent: {fileID: 0}
    m_Modifications:
    - target: {fileID: 2365625890238574762, guid: c755517661ca4114db1101ef077f94aa, type: 3}
      propertyPath: m_LocalPosition.x
      value: 0
      objectReference: {fileID: 0}
    - target: {fileID: 2365625890238574762, guid: c755517661ca4114db1101ef077f94aa, type: 3}
      propertyPath: m_LocalPosition.y
      value: 25.5
      objectReference: {fileID: 0}
    - target: {fileID: 2365625890238574762, guid: c755517661ca4114db1101ef077f94aa, type: 3}
      propertyPath: m_LocalPosition.z
      value: 0
      objectReference: {fileID: 0}
    - target: {fileID: 2365625890238574762, guid: c755517661ca4114db1101ef077f94aa, type: 3}
      propertyPath: m_LocalRotation.w
      value: 0.7071068
      objectReference: {fileID: 0}
    - target: {fileID: 2365625890238574762, guid: c755517661ca4114db1101ef077f94aa, type: 3}
      propertyPath: m_LocalRotation.x
      value: 0
      objectReference: {fileID: 0}
    - target: {fileID: 2365625890238574762, guid: c755517661ca4114db1101ef077f94aa, type: 3}
      propertyPath: m_LocalRotation.y
      value: 0.7071068
      objectReference: {fileID: 0}
    - target: {fileID: 2365625890238574762, guid: c755517661ca4114db1101ef077f94aa, type: 3}
      propertyPath: m_LocalRotation.z
      value: 0
      objectReference: {fileID: 0}
    - target: {fileID: 2365625890238574762, guid: c755517661ca4114db1101ef077f94aa, type: 3}
      propertyPath: m_LocalEulerAnglesHint.x
      value: 0
      objectReference: {fileID: 0}
    - target: {fileID: 2365625890238574762, guid: c755517661ca4114db1101ef077f94aa, type: 3}
      propertyPath: m_LocalEulerAnglesHint.y
      value: 90
      objectReference: {fileID: 0}
    - target: {fileID: 2365625890238574762, guid: c755517661ca4114db1101ef077f94aa, type: 3}
      propertyPath: m_LocalEulerAnglesHint.z
      value: 0
      objectReference: {fileID: 0}
    - target: {fileID: 5901952879861392624, guid: c755517661ca4114db1101ef077f94aa, type: 3}
      propertyPath: m_Name
      value: floor (17)
      objectReference: {fileID: 0}
    m_RemovedComponents: []
    m_RemovedGameObjects: []
    m_AddedGameObjects: []
    m_AddedComponents: []
  m_SourcePrefab: {fileID: 100100000, guid: c755517661ca4114db1101ef077f94aa, type: 3}
--- !u!1001 &1445047272
PrefabInstance:
  m_ObjectHideFlags: 0
  serializedVersion: 2
  m_Modification:
    serializedVersion: 3
    m_TransformParent: {fileID: 0}
    m_Modifications:
    - target: {fileID: 2365625890238574762, guid: c755517661ca4114db1101ef077f94aa, type: 3}
      propertyPath: m_LocalPosition.x
      value: 0
      objectReference: {fileID: 0}
    - target: {fileID: 2365625890238574762, guid: c755517661ca4114db1101ef077f94aa, type: 3}
      propertyPath: m_LocalPosition.y
      value: 3
      objectReference: {fileID: 0}
    - target: {fileID: 2365625890238574762, guid: c755517661ca4114db1101ef077f94aa, type: 3}
      propertyPath: m_LocalPosition.z
      value: 0
      objectReference: {fileID: 0}
    - target: {fileID: 2365625890238574762, guid: c755517661ca4114db1101ef077f94aa, type: 3}
      propertyPath: m_LocalRotation.w
      value: 1
      objectReference: {fileID: 0}
    - target: {fileID: 2365625890238574762, guid: c755517661ca4114db1101ef077f94aa, type: 3}
      propertyPath: m_LocalRotation.x
      value: 0
      objectReference: {fileID: 0}
    - target: {fileID: 2365625890238574762, guid: c755517661ca4114db1101ef077f94aa, type: 3}
      propertyPath: m_LocalRotation.y
      value: 0
      objectReference: {fileID: 0}
    - target: {fileID: 2365625890238574762, guid: c755517661ca4114db1101ef077f94aa, type: 3}
      propertyPath: m_LocalRotation.z
      value: 0
      objectReference: {fileID: 0}
    - target: {fileID: 2365625890238574762, guid: c755517661ca4114db1101ef077f94aa, type: 3}
      propertyPath: m_LocalEulerAnglesHint.x
      value: 0
      objectReference: {fileID: 0}
    - target: {fileID: 2365625890238574762, guid: c755517661ca4114db1101ef077f94aa, type: 3}
      propertyPath: m_LocalEulerAnglesHint.y
      value: 0
      objectReference: {fileID: 0}
    - target: {fileID: 2365625890238574762, guid: c755517661ca4114db1101ef077f94aa, type: 3}
      propertyPath: m_LocalEulerAnglesHint.z
      value: 0
      objectReference: {fileID: 0}
    - target: {fileID: 5901952879861392624, guid: c755517661ca4114db1101ef077f94aa, type: 3}
      propertyPath: m_Name
      value: floor (2)
      objectReference: {fileID: 0}
    m_RemovedComponents: []
    m_RemovedGameObjects: []
    m_AddedGameObjects: []
    m_AddedComponents: []
  m_SourcePrefab: {fileID: 100100000, guid: c755517661ca4114db1101ef077f94aa, type: 3}
--- !u!1 &1603382266
GameObject:
  m_ObjectHideFlags: 0
  m_CorrespondingSourceObject: {fileID: 0}
  m_PrefabInstance: {fileID: 0}
  m_PrefabAsset: {fileID: 0}
  serializedVersion: 6
  m_Component:
  - component: {fileID: 1603382270}
  - component: {fileID: 1603382269}
  - component: {fileID: 1603382268}
  - component: {fileID: 1603382267}
  m_Layer: 0
  m_Name: Plane
  m_TagString: Untagged
  m_Icon: {fileID: 0}
  m_NavMeshLayer: 0
  m_StaticEditorFlags: 0
  m_IsActive: 1
--- !u!64 &1603382267
MeshCollider:
  m_ObjectHideFlags: 0
  m_CorrespondingSourceObject: {fileID: 0}
  m_PrefabInstance: {fileID: 0}
  m_PrefabAsset: {fileID: 0}
  m_GameObject: {fileID: 1603382266}
  m_Material: {fileID: 0}
  m_IncludeLayers:
    serializedVersion: 2
    m_Bits: 0
  m_ExcludeLayers:
    serializedVersion: 2
    m_Bits: 0
  m_LayerOverridePriority: 0
  m_IsTrigger: 0
  m_ProvidesContacts: 0
  m_Enabled: 1
  serializedVersion: 5
  m_Convex: 0
  m_CookingOptions: 30
  m_Mesh: {fileID: 10209, guid: 0000000000000000e000000000000000, type: 0}
--- !u!23 &1603382268
MeshRenderer:
  m_ObjectHideFlags: 0
  m_CorrespondingSourceObject: {fileID: 0}
  m_PrefabInstance: {fileID: 0}
  m_PrefabAsset: {fileID: 0}
  m_GameObject: {fileID: 1603382266}
  m_Enabled: 1
  m_CastShadows: 1
  m_ReceiveShadows: 1
  m_DynamicOccludee: 1
  m_StaticShadowCaster: 0
  m_MotionVectors: 1
  m_LightProbeUsage: 1
  m_ReflectionProbeUsage: 1
  m_RayTracingMode: 2
  m_RayTraceProcedural: 0
  m_RenderingLayerMask: 1
  m_RendererPriority: 0
  m_Materials:
  - {fileID: 2100000, guid: 72ef1c002f481a14093511a364731b76, type: 2}
  m_StaticBatchInfo:
    firstSubMesh: 0
    subMeshCount: 0
  m_StaticBatchRoot: {fileID: 0}
  m_ProbeAnchor: {fileID: 0}
  m_LightProbeVolumeOverride: {fileID: 0}
  m_ScaleInLightmap: 1
  m_ReceiveGI: 1
  m_PreserveUVs: 0
  m_IgnoreNormalsForChartDetection: 0
  m_ImportantGI: 0
  m_StitchLightmapSeams: 1
  m_SelectedEditorRenderState: 3
  m_MinimumChartSize: 4
  m_AutoUVMaxDistance: 0.5
  m_AutoUVMaxAngle: 89
  m_LightmapParameters: {fileID: 0}
  m_SortingLayerID: 0
  m_SortingLayer: 0
  m_SortingOrder: 0
  m_AdditionalVertexStreams: {fileID: 0}
--- !u!33 &1603382269
MeshFilter:
  m_ObjectHideFlags: 0
  m_CorrespondingSourceObject: {fileID: 0}
  m_PrefabInstance: {fileID: 0}
  m_PrefabAsset: {fileID: 0}
  m_GameObject: {fileID: 1603382266}
  m_Mesh: {fileID: 10209, guid: 0000000000000000e000000000000000, type: 0}
--- !u!4 &1603382270
Transform:
  m_ObjectHideFlags: 0
  m_CorrespondingSourceObject: {fileID: 0}
  m_PrefabInstance: {fileID: 0}
  m_PrefabAsset: {fileID: 0}
  m_GameObject: {fileID: 1603382266}
  serializedVersion: 2
  m_LocalRotation: {x: -0.0007636852, y: -0.0020515874, z: 0.001820505, w: 0.999996}
  m_LocalPosition: {x: 0, y: 0, z: 0}
  m_LocalScale: {x: 15, y: 1, z: 15}
  m_ConstrainProportionsScale: 0
  m_Children: []
  m_Father: {fileID: 0}
  m_LocalEulerAnglesHint: {x: -0.087, y: -0.235, z: 0.209}
--- !u!1 &1604001382
GameObject:
  m_ObjectHideFlags: 0
  m_CorrespondingSourceObject: {fileID: 0}
  m_PrefabInstance: {fileID: 0}
  m_PrefabAsset: {fileID: 0}
  serializedVersion: 6
  m_Component:
  - component: {fileID: 1604001385}
  - component: {fileID: 1604001384}
  - component: {fileID: 1604001383}
  m_Layer: 0
  m_Name: Main Camera
  m_TagString: MainCamera
  m_Icon: {fileID: 0}
  m_NavMeshLayer: 0
  m_StaticEditorFlags: 0
  m_IsActive: 1
--- !u!81 &1604001383
AudioListener:
  m_ObjectHideFlags: 0
  m_CorrespondingSourceObject: {fileID: 0}
  m_PrefabInstance: {fileID: 0}
  m_PrefabAsset: {fileID: 0}
  m_GameObject: {fileID: 1604001382}
  m_Enabled: 1
--- !u!20 &1604001384
Camera:
  m_ObjectHideFlags: 0
  m_CorrespondingSourceObject: {fileID: 0}
  m_PrefabInstance: {fileID: 0}
  m_PrefabAsset: {fileID: 0}
  m_GameObject: {fileID: 1604001382}
  m_Enabled: 1
  serializedVersion: 2
  m_ClearFlags: 1
  m_BackGroundColor: {r: 0.19215687, g: 0.3019608, b: 0.4745098, a: 0}
  m_projectionMatrixMode: 1
  m_GateFitMode: 2
  m_FOVAxisMode: 0
  m_Iso: 200
  m_ShutterSpeed: 0.005
  m_Aperture: 16
  m_FocusDistance: 10
  m_FocalLength: 50
  m_BladeCount: 5
  m_Curvature: {x: 2, y: 11}
  m_BarrelClipping: 0.25
  m_Anamorphism: 0
  m_SensorSize: {x: 36, y: 24}
  m_LensShift: {x: 0, y: 0}
  m_NormalizedViewPortRect:
    serializedVersion: 2
    x: 0
    y: 0
    width: 1
    height: 1
  near clip plane: 0.3
  far clip plane: 1000
  field of view: 60
  orthographic: 0
  orthographic size: 5
  m_Depth: -1
  m_CullingMask:
    serializedVersion: 2
    m_Bits: 4294967295
  m_RenderingPath: -1
  m_TargetTexture: {fileID: 0}
  m_TargetDisplay: 0
  m_TargetEye: 3
  m_HDR: 1
  m_AllowMSAA: 1
  m_AllowDynamicResolution: 0
  m_ForceIntoRT: 0
  m_OcclusionCulling: 1
  m_StereoConvergence: 10
  m_StereoSeparation: 0.022
--- !u!4 &1604001385
Transform:
  m_ObjectHideFlags: 0
  m_CorrespondingSourceObject: {fileID: 0}
  m_PrefabInstance: {fileID: 0}
  m_PrefabAsset: {fileID: 0}
  m_GameObject: {fileID: 1604001382}
  serializedVersion: 2
  m_LocalRotation: {x: 0.2767441, y: -0.36484024, z: 0.11935407, w: 0.8809421}
  m_LocalPosition: {x: 37.9, y: 45.07, z: -37.63}
  m_LocalScale: {x: 1, y: 1, z: 1}
  m_ConstrainProportionsScale: 0
  m_Children: []
  m_Father: {fileID: 0}
  m_LocalEulerAnglesHint: {x: 35.077, y: -44.809, z: 0.585}
--- !u!1001 &1644222330
PrefabInstance:
  m_ObjectHideFlags: 0
  serializedVersion: 2
  m_Modification:
    serializedVersion: 3
    m_TransformParent: {fileID: 0}
    m_Modifications:
    - target: {fileID: 2365625890238574762, guid: c755517661ca4114db1101ef077f94aa, type: 3}
      propertyPath: m_LocalPosition.x
      value: 0
      objectReference: {fileID: 0}
    - target: {fileID: 2365625890238574762, guid: c755517661ca4114db1101ef077f94aa, type: 3}
      propertyPath: m_LocalPosition.y
      value: 9
      objectReference: {fileID: 0}
    - target: {fileID: 2365625890238574762, guid: c755517661ca4114db1101ef077f94aa, type: 3}
      propertyPath: m_LocalPosition.z
      value: 0
      objectReference: {fileID: 0}
    - target: {fileID: 2365625890238574762, guid: c755517661ca4114db1101ef077f94aa, type: 3}
      propertyPath: m_LocalRotation.w
      value: 1
      objectReference: {fileID: 0}
    - target: {fileID: 2365625890238574762, guid: c755517661ca4114db1101ef077f94aa, type: 3}
      propertyPath: m_LocalRotation.x
      value: 0
      objectReference: {fileID: 0}
    - target: {fileID: 2365625890238574762, guid: c755517661ca4114db1101ef077f94aa, type: 3}
      propertyPath: m_LocalRotation.y
      value: 0
      objectReference: {fileID: 0}
    - target: {fileID: 2365625890238574762, guid: c755517661ca4114db1101ef077f94aa, type: 3}
      propertyPath: m_LocalRotation.z
      value: 0
      objectReference: {fileID: 0}
    - target: {fileID: 2365625890238574762, guid: c755517661ca4114db1101ef077f94aa, type: 3}
      propertyPath: m_LocalEulerAnglesHint.x
      value: 0
      objectReference: {fileID: 0}
    - target: {fileID: 2365625890238574762, guid: c755517661ca4114db1101ef077f94aa, type: 3}
      propertyPath: m_LocalEulerAnglesHint.y
      value: 0
      objectReference: {fileID: 0}
    - target: {fileID: 2365625890238574762, guid: c755517661ca4114db1101ef077f94aa, type: 3}
      propertyPath: m_LocalEulerAnglesHint.z
      value: 0
      objectReference: {fileID: 0}
    - target: {fileID: 5901952879861392624, guid: c755517661ca4114db1101ef077f94aa, type: 3}
      propertyPath: m_Name
      value: floor (6)
      objectReference: {fileID: 0}
    m_RemovedComponents: []
    m_RemovedGameObjects: []
    m_AddedGameObjects: []
    m_AddedComponents: []
  m_SourcePrefab: {fileID: 100100000, guid: c755517661ca4114db1101ef077f94aa, type: 3}
--- !u!1 &1899695493 stripped
GameObject:
  m_CorrespondingSourceObject: {fileID: 8382774054196692613, guid: c755517661ca4114db1101ef077f94aa, type: 3}
  m_PrefabInstance: {fileID: 4420573723029503146}
  m_PrefabAsset: {fileID: 0}
--- !u!54 &1899695498
Rigidbody:
  m_ObjectHideFlags: 0
  m_CorrespondingSourceObject: {fileID: 0}
  m_PrefabInstance: {fileID: 0}
  m_PrefabAsset: {fileID: 0}
  m_GameObject: {fileID: 1899695493}
  serializedVersion: 4
  m_Mass: 1000
  m_Drag: 0.02
  m_AngularDrag: 0.05
  m_CenterOfMass: {x: 0, y: 0, z: 0}
  m_InertiaTensor: {x: 1, y: 1, z: 1}
  m_InertiaRotation: {x: 0, y: 0, z: 0, w: 1}
  m_IncludeLayers:
    serializedVersion: 2
    m_Bits: 0
  m_ExcludeLayers:
    serializedVersion: 2
    m_Bits: 0
  m_ImplicitCom: 1
  m_ImplicitTensor: 1
  m_UseGravity: 1
  m_IsKinematic: 0
  m_Interpolate: 1
  m_Constraints: 0
  m_CollisionDetection: 1
--- !u!1001 &1917550333
PrefabInstance:
  m_ObjectHideFlags: 0
  serializedVersion: 2
  m_Modification:
    serializedVersion: 3
    m_TransformParent: {fileID: 0}
    m_Modifications:
    - target: {fileID: 2365625890238574762, guid: c755517661ca4114db1101ef077f94aa, type: 3}
      propertyPath: m_LocalPosition.x
      value: 0
      objectReference: {fileID: 0}
    - target: {fileID: 2365625890238574762, guid: c755517661ca4114db1101ef077f94aa, type: 3}
      propertyPath: m_LocalPosition.y
      value: 24
      objectReference: {fileID: 0}
    - target: {fileID: 2365625890238574762, guid: c755517661ca4114db1101ef077f94aa, type: 3}
      propertyPath: m_LocalPosition.z
      value: 0
      objectReference: {fileID: 0}
    - target: {fileID: 2365625890238574762, guid: c755517661ca4114db1101ef077f94aa, type: 3}
      propertyPath: m_LocalRotation.w
      value: 1
      objectReference: {fileID: 0}
    - target: {fileID: 2365625890238574762, guid: c755517661ca4114db1101ef077f94aa, type: 3}
      propertyPath: m_LocalRotation.x
      value: 0
      objectReference: {fileID: 0}
    - target: {fileID: 2365625890238574762, guid: c755517661ca4114db1101ef077f94aa, type: 3}
      propertyPath: m_LocalRotation.y
      value: 0
      objectReference: {fileID: 0}
    - target: {fileID: 2365625890238574762, guid: c755517661ca4114db1101ef077f94aa, type: 3}
      propertyPath: m_LocalRotation.z
      value: 0
      objectReference: {fileID: 0}
    - target: {fileID: 2365625890238574762, guid: c755517661ca4114db1101ef077f94aa, type: 3}
      propertyPath: m_LocalEulerAnglesHint.x
      value: 0
      objectReference: {fileID: 0}
    - target: {fileID: 2365625890238574762, guid: c755517661ca4114db1101ef077f94aa, type: 3}
      propertyPath: m_LocalEulerAnglesHint.y
      value: 0
      objectReference: {fileID: 0}
    - target: {fileID: 2365625890238574762, guid: c755517661ca4114db1101ef077f94aa, type: 3}
      propertyPath: m_LocalEulerAnglesHint.z
      value: 0
      objectReference: {fileID: 0}
    - target: {fileID: 5901952879861392624, guid: c755517661ca4114db1101ef077f94aa, type: 3}
      propertyPath: m_Name
      value: floor (16)
      objectReference: {fileID: 0}
    m_RemovedComponents: []
    m_RemovedGameObjects: []
    m_AddedGameObjects: []
    m_AddedComponents: []
  m_SourcePrefab: {fileID: 100100000, guid: c755517661ca4114db1101ef077f94aa, type: 3}
--- !u!1001 &1925346144
PrefabInstance:
  m_ObjectHideFlags: 0
  serializedVersion: 2
  m_Modification:
    serializedVersion: 3
    m_TransformParent: {fileID: 0}
    m_Modifications:
    - target: {fileID: 2365625890238574762, guid: c755517661ca4114db1101ef077f94aa, type: 3}
      propertyPath: m_LocalPosition.x
      value: 0
      objectReference: {fileID: 0}
    - target: {fileID: 2365625890238574762, guid: c755517661ca4114db1101ef077f94aa, type: 3}
      propertyPath: m_LocalPosition.y
      value: 7.5000005
      objectReference: {fileID: 0}
    - target: {fileID: 2365625890238574762, guid: c755517661ca4114db1101ef077f94aa, type: 3}
      propertyPath: m_LocalPosition.z
      value: 0
      objectReference: {fileID: 0}
    - target: {fileID: 2365625890238574762, guid: c755517661ca4114db1101ef077f94aa, type: 3}
      propertyPath: m_LocalRotation.w
      value: 0.7071068
      objectReference: {fileID: 0}
    - target: {fileID: 2365625890238574762, guid: c755517661ca4114db1101ef077f94aa, type: 3}
      propertyPath: m_LocalRotation.x
      value: 0
      objectReference: {fileID: 0}
    - target: {fileID: 2365625890238574762, guid: c755517661ca4114db1101ef077f94aa, type: 3}
      propertyPath: m_LocalRotation.y
      value: 0.7071068
      objectReference: {fileID: 0}
    - target: {fileID: 2365625890238574762, guid: c755517661ca4114db1101ef077f94aa, type: 3}
      propertyPath: m_LocalRotation.z
      value: 0
      objectReference: {fileID: 0}
    - target: {fileID: 2365625890238574762, guid: c755517661ca4114db1101ef077f94aa, type: 3}
      propertyPath: m_LocalEulerAnglesHint.x
      value: 0
      objectReference: {fileID: 0}
    - target: {fileID: 2365625890238574762, guid: c755517661ca4114db1101ef077f94aa, type: 3}
      propertyPath: m_LocalEulerAnglesHint.y
      value: 90
      objectReference: {fileID: 0}
    - target: {fileID: 2365625890238574762, guid: c755517661ca4114db1101ef077f94aa, type: 3}
      propertyPath: m_LocalEulerAnglesHint.z
      value: 0
      objectReference: {fileID: 0}
    - target: {fileID: 5901952879861392624, guid: c755517661ca4114db1101ef077f94aa, type: 3}
      propertyPath: m_Name
      value: floor (5)
      objectReference: {fileID: 0}
    m_RemovedComponents: []
    m_RemovedGameObjects: []
    m_AddedGameObjects: []
    m_AddedComponents: []
  m_SourcePrefab: {fileID: 100100000, guid: c755517661ca4114db1101ef077f94aa, type: 3}
--- !u!1 &1943602576 stripped
GameObject:
  m_CorrespondingSourceObject: {fileID: 5516426185193193065, guid: c755517661ca4114db1101ef077f94aa, type: 3}
  m_PrefabInstance: {fileID: 4420573723029503146}
  m_PrefabAsset: {fileID: 0}
--- !u!54 &1943602581
Rigidbody:
  m_ObjectHideFlags: 0
  m_CorrespondingSourceObject: {fileID: 0}
  m_PrefabInstance: {fileID: 0}
  m_PrefabAsset: {fileID: 0}
  m_GameObject: {fileID: 1943602576}
  serializedVersion: 4
  m_Mass: 1000
  m_Drag: 0.02
  m_AngularDrag: 0.05
  m_CenterOfMass: {x: 0, y: 0, z: 0}
  m_InertiaTensor: {x: 1, y: 1, z: 1}
  m_InertiaRotation: {x: 0, y: 0, z: 0, w: 1}
  m_IncludeLayers:
    serializedVersion: 2
    m_Bits: 0
  m_ExcludeLayers:
    serializedVersion: 2
    m_Bits: 0
  m_ImplicitCom: 1
  m_ImplicitTensor: 1
  m_UseGravity: 1
  m_IsKinematic: 0
  m_Interpolate: 1
  m_Constraints: 0
  m_CollisionDetection: 1
--- !u!1 &1968263714 stripped
GameObject:
  m_CorrespondingSourceObject: {fileID: 2769037546596136506, guid: 12585e12babad4e4d9aca0b9329de70b, type: 3}
  m_PrefabInstance: {fileID: 3724761367631027145}
  m_PrefabAsset: {fileID: 0}
--- !u!54 &1968263716
Rigidbody:
  m_ObjectHideFlags: 0
  m_CorrespondingSourceObject: {fileID: 0}
  m_PrefabInstance: {fileID: 0}
  m_PrefabAsset: {fileID: 0}
  m_GameObject: {fileID: 1968263714}
  serializedVersion: 4
  m_Mass: 2000
  m_Drag: 0.5
  m_AngularDrag: 0.5
  m_CenterOfMass: {x: 0, y: 0, z: 0}
  m_InertiaTensor: {x: 1, y: 1, z: 1}
  m_InertiaRotation: {x: 0, y: 0, z: 0, w: 1}
  m_IncludeLayers:
    serializedVersion: 2
    m_Bits: 0
  m_ExcludeLayers:
    serializedVersion: 2
    m_Bits: 0
  m_ImplicitCom: 1
  m_ImplicitTensor: 1
  m_UseGravity: 1
  m_IsKinematic: 0
  m_Interpolate: 1
  m_Constraints: 0
  m_CollisionDetection: 1
--- !u!65 &1968263717
BoxCollider:
  m_ObjectHideFlags: 0
  m_CorrespondingSourceObject: {fileID: 0}
  m_PrefabInstance: {fileID: 0}
  m_PrefabAsset: {fileID: 0}
  m_GameObject: {fileID: 1968263714}
  m_Material: {fileID: 13400000, guid: 9f93f63d068b08c459038c40fce897d8, type: 2}
  m_IncludeLayers:
    serializedVersion: 2
    m_Bits: 0
  m_ExcludeLayers:
    serializedVersion: 2
    m_Bits: 0
  m_LayerOverridePriority: 0
  m_IsTrigger: 0
  m_ProvidesContacts: 0
  m_Enabled: 1
  serializedVersion: 3
  m_Size: {x: 1, y: 1, z: 1}
  m_Center: {x: 0, y: 0, z: 0}
--- !u!1001 &3724761367631027145
PrefabInstance:
  m_ObjectHideFlags: 0
  serializedVersion: 2
  m_Modification:
    serializedVersion: 3
    m_TransformParent: {fileID: 0}
    m_Modifications:
    - target: {fileID: 2769037546596136506, guid: 12585e12babad4e4d9aca0b9329de70b, type: 3}
      propertyPath: m_Name
      value: Dado
      objectReference: {fileID: 0}
    - target: {fileID: 9046474362620961899, guid: 12585e12babad4e4d9aca0b9329de70b, type: 3}
      propertyPath: m_LocalPosition.x
      value: -10.39
      objectReference: {fileID: 0}
    - target: {fileID: 9046474362620961899, guid: 12585e12babad4e4d9aca0b9329de70b, type: 3}
      propertyPath: m_LocalPosition.y
      value: 31.84
      objectReference: {fileID: 0}
    - target: {fileID: 9046474362620961899, guid: 12585e12babad4e4d9aca0b9329de70b, type: 3}
      propertyPath: m_LocalPosition.z
      value: -12.3
      objectReference: {fileID: 0}
    - target: {fileID: 9046474362620961899, guid: 12585e12babad4e4d9aca0b9329de70b, type: 3}
      propertyPath: m_LocalRotation.w
      value: 0.7556429
      objectReference: {fileID: 0}
    - target: {fileID: 9046474362620961899, guid: 12585e12babad4e4d9aca0b9329de70b, type: 3}
      propertyPath: m_LocalRotation.x
      value: -0.1585392
      objectReference: {fileID: 0}
    - target: {fileID: 9046474362620961899, guid: 12585e12babad4e4d9aca0b9329de70b, type: 3}
      propertyPath: m_LocalRotation.y
      value: -0.4622172
      objectReference: {fileID: 0}
    - target: {fileID: 9046474362620961899, guid: 12585e12babad4e4d9aca0b9329de70b, type: 3}
      propertyPath: m_LocalRotation.z
      value: -0.4361471
      objectReference: {fileID: 0}
    - target: {fileID: 9046474362620961899, guid: 12585e12babad4e4d9aca0b9329de70b, type: 3}
      propertyPath: m_LocalEulerAnglesHint.x
      value: -40
      objectReference: {fileID: 0}
    - target: {fileID: 9046474362620961899, guid: 12585e12babad4e4d9aca0b9329de70b, type: 3}
      propertyPath: m_LocalEulerAnglesHint.y
      value: -47
      objectReference: {fileID: 0}
    - target: {fileID: 9046474362620961899, guid: 12585e12babad4e4d9aca0b9329de70b, type: 3}
      propertyPath: m_LocalEulerAnglesHint.z
      value: -42
      objectReference: {fileID: 0}
    m_RemovedComponents: []
    m_RemovedGameObjects: []
    m_AddedGameObjects: []
    m_AddedComponents:
    - targetCorrespondingSourceObject: {fileID: 2769037546596136506, guid: 12585e12babad4e4d9aca0b9329de70b, type: 3}
      insertIndex: -1
      addedObject: {fileID: 1968263716}
    - targetCorrespondingSourceObject: {fileID: 2769037546596136506, guid: 12585e12babad4e4d9aca0b9329de70b, type: 3}
      insertIndex: -1
      addedObject: {fileID: 1968263717}
  m_SourcePrefab: {fileID: 100100000, guid: 12585e12babad4e4d9aca0b9329de70b, type: 3}
--- !u!1001 &4420573723029503146
PrefabInstance:
  m_ObjectHideFlags: 0
  serializedVersion: 2
  m_Modification:
    serializedVersion: 3
    m_TransformParent: {fileID: 0}
    m_Modifications:
    - target: {fileID: 756920339246575596, guid: c755517661ca4114db1101ef077f94aa, type: 3}
      propertyPath: m_Material
      value: 
      objectReference: {fileID: 13400000, guid: 3aeb7dadc0c69d54d9e5777e9d5631f1, type: 2}
    - target: {fileID: 2365625890238574762, guid: c755517661ca4114db1101ef077f94aa, type: 3}
      propertyPath: m_LocalPosition.x
      value: 0
      objectReference: {fileID: 0}
    - target: {fileID: 2365625890238574762, guid: c755517661ca4114db1101ef077f94aa, type: 3}
      propertyPath: m_LocalPosition.y
      value: 0
      objectReference: {fileID: 0}
    - target: {fileID: 2365625890238574762, guid: c755517661ca4114db1101ef077f94aa, type: 3}
      propertyPath: m_LocalPosition.z
      value: 0
      objectReference: {fileID: 0}
    - target: {fileID: 2365625890238574762, guid: c755517661ca4114db1101ef077f94aa, type: 3}
      propertyPath: m_LocalRotation.w
      value: 1
      objectReference: {fileID: 0}
    - target: {fileID: 2365625890238574762, guid: c755517661ca4114db1101ef077f94aa, type: 3}
      propertyPath: m_LocalRotation.x
      value: 0
      objectReference: {fileID: 0}
    - target: {fileID: 2365625890238574762, guid: c755517661ca4114db1101ef077f94aa, type: 3}
      propertyPath: m_LocalRotation.y
      value: 0
      objectReference: {fileID: 0}
    - target: {fileID: 2365625890238574762, guid: c755517661ca4114db1101ef077f94aa, type: 3}
      propertyPath: m_LocalRotation.z
      value: 0
      objectReference: {fileID: 0}
    - target: {fileID: 2365625890238574762, guid: c755517661ca4114db1101ef077f94aa, type: 3}
      propertyPath: m_LocalEulerAnglesHint.x
      value: 0
      objectReference: {fileID: 0}
    - target: {fileID: 2365625890238574762, guid: c755517661ca4114db1101ef077f94aa, type: 3}
      propertyPath: m_LocalEulerAnglesHint.y
      value: 0
      objectReference: {fileID: 0}
    - target: {fileID: 2365625890238574762, guid: c755517661ca4114db1101ef077f94aa, type: 3}
      propertyPath: m_LocalEulerAnglesHint.z
      value: 0
      objectReference: {fileID: 0}
    - target: {fileID: 2793188016208682905, guid: c755517661ca4114db1101ef077f94aa, type: 3}
      propertyPath: m_Material
      value: 
      objectReference: {fileID: 13400000, guid: 3aeb7dadc0c69d54d9e5777e9d5631f1, type: 2}
    - target: {fileID: 3544166920577426422, guid: c755517661ca4114db1101ef077f94aa, type: 3}
      propertyPath: m_Material
      value: 
      objectReference: {fileID: 13400000, guid: 3aeb7dadc0c69d54d9e5777e9d5631f1, type: 2}
    - target: {fileID: 5901952879861392624, guid: c755517661ca4114db1101ef077f94aa, type: 3}
      propertyPath: m_Name
      value: floor
      objectReference: {fileID: 0}
    m_RemovedComponents: []
    m_RemovedGameObjects: []
    m_AddedGameObjects: []
    m_AddedComponents:
    - targetCorrespondingSourceObject: {fileID: 5516426185193193065, guid: c755517661ca4114db1101ef077f94aa, type: 3}
      insertIndex: -1
      addedObject: {fileID: 1943602581}
    - targetCorrespondingSourceObject: {fileID: 8382774054196692613, guid: c755517661ca4114db1101ef077f94aa, type: 3}
      insertIndex: -1
      addedObject: {fileID: 1899695498}
    - targetCorrespondingSourceObject: {fileID: 4645142704498827223, guid: c755517661ca4114db1101ef077f94aa, type: 3}
      insertIndex: -1
      addedObject: {fileID: 1157860261}
  m_SourcePrefab: {fileID: 100100000, guid: c755517661ca4114db1101ef077f94aa, type: 3}
--- !u!1660057539 &9223372036854775807
SceneRoots:
  m_ObjectHideFlags: 0
  m_Roots:
  - {fileID: 1604001385}
  - {fileID: 1061443562}
  - {fileID: 1603382270}
  - {fileID: 4420573723029503146}
  - {fileID: 932813631}
  - {fileID: 1445047272}
  - {fileID: 847122906}
  - {fileID: 28945763}
  - {fileID: 1925346144}
  - {fileID: 1644222330}
  - {fileID: 3565654}
  - {fileID: 294408339}
  - {fileID: 260303408}
  - {fileID: 298738497}
  - {fileID: 341883237}
  - {fileID: 755393273}
  - {fileID: 76761088}
  - {fileID: 208743259}
  - {fileID: 705849789}
  - {fileID: 1917550333}
  - {fileID: 1273520221}
  - {fileID: 3724761367631027145}
